<?xml version="1.0" encoding="UTF-8"?><collection xmlns="http://www.loc.gov/MARC21/slim"><record><leader>00301nam--2200121-i-4500</leader><controlfield tag="001">000018128</controlfield><controlfield tag="002">20161230</controlfield><controlfield tag="005">20161230201032</controlfield><controlfield tag="008">060222s1000------------r-----000-0-eng-d</controlfield><datafield ind1=" " ind2=" " tag="080"><subfield code="a">539.54</subfield></datafield><datafield ind1=" " ind2=" " tag="245"><subfield code="a">Conferinta din 1953 asupra tehnicii calirii</subfield></datafield><datafield ind1=" " ind2=" " tag="260"><subfield code="a">Bucuresti, I.D.T., 1956. 201 P</subfield></datafield><datafield ind1=" " ind2=" " tag="852"><subfield code="a">26502</subfield></datafield></record></collection>